%
%  bibliography
%

@TechReport{Skiptum_MT1VO,
    author =             {Georg Brasseur},
    title =              {Sktiptum zur Vorlesung Elektrische Meßtechnik 1},
    institution =    {Institut für Elektische Meßtechnik und
                  Meßsignalverarbeitung},
    year =               {2003},
    key =                    {},
    type =               {},
    number =             {},
    address =            {},
    month =              {November},
}


@BOOK{Giancoli,
  title = {Physik},
  publisher = {PEARSON Studium, München},
  year = {2006},
  author = {D.~C.~Giancoli},
  edition = {3$^{\text{rd}}$},
}
